% INSIRA AQUI SUA BIBLIOGRAFIA
% ESSAS REFERENCIAS ESTAO SENDO UTILIZADAS NO DICAS LATEX

% This file was created with JabRef 2.10b2.
% Encoding: UTF-8


@Book{Aho2006,
  Title                    = {Compilers - Principles, Techniques, and Tools},
  Author                   = {Alfred V. Aho and Monica S. Lam and Ravi Sethi and Jeffrey D. Ullman},
  Editor                   = {Pearson},
  Year                     = {2012},
  Edition                  = {Second Edition}
}

@MastersThesis{Ansoni2010,
  Title                    = {Resolução de um problema térmico inverso utilizando processamento paralelo em arquiteturas de memória compartilhada},
  Author                   = {Jonas Laerte Ansoni},
  School                   = {Escola de Engenharia de São Carlos},
  Year                     = {2010},

  Address                  = {São Carlos, Brasil},

  Journal                  = {Unknown Journal}
}

@Article{Beutler2006,
  Title                    = {EFEITO DA COMPACTA{\c{C}}{\~A}O NA PRODUTIVIDADE DE CULTIVARES DE SOJA EM LATOSSOLOVERMELHO},
  Author                   = {Amauri Nelson Beutler and Jos{\'e} Frederico Centurion and Maria Aparecida Pessoada Cruz Centurion and Alvaro Pires da Silva},
  Journal                  = {Revista Brasileira de Ciencia do Solo},
  Year                     = {2006},
  Pages                    = {787-794},
  Volume                   = {30}
}

@Article{Chou2010,
  Title                    = {Ch MPI: Interpretive Parallel Computing in C},
  Author                   = {Yu Cheng Chou and Stephen S. Nestinger and Harry H. Cheng},
  Journal                  = {IEEE Computing In Science and Engineering},
  Year                     = {2010}
}

@Article{Flynn1972,
  Title                    = {Some computer organizations and their effectiveness},
  Author                   = {M.J. Flynn},
  Journal                  = {IEEE transactions on computing},
  Year                     = {1972}
}

@Book{Foster1995,
  Title                    = {Designing and Building Parallel Programs},
  Author                   = {Ian Foster},
  Editor                   = {Addison-Wesley},
  Year                     = {1995},
  Edition                  = {1º},

  ISBN                     = {0201575949}
}

@Book{Gonzales2000,
  Title                    = {Processamento de Imagens Digitais},
  Author                   = {Rafael C; Gonzalez and Richard E. Woods},
  Publisher                = {Editora Edgard Bl{\"u}cher},
  Year                     = {2000},
  Edition                  = {3},

  Chapter                  = {3},
  Pages                    = {509}
}

@Book{Hwang1984,
  Title                    = {Computer Architecture and Parallel Processing},
  Author                   = {Kai Hwang and Faye A. Briggs},
  Editor                   = {McGraw-Hill},
  Year                     = {1984},

  Journal                  = {Unknown Journal}
}

@Book{Knuth1984,
  Title                    = {The {{\TeX}book}},
  Author                   = {Donald E. Knuth},
  Publisher                = {Addison-Wesley},
  Year                     = {1984}
}

@PhdThesis{Krindges2011,
  Title                    = {Modelagem e simulação computacional de um problema tridimensional de difusão-advecção com uso de Navier-Stokes},
  Author                   = {Andre Krindges},
  School                   = {Unicamp - IMECC},
  Year                     = {2011},

  Address                  = {Campinas-SP}
}

@InProceedings{LimaPereira2001,
  Title                    = {Parallel DSP architecture for reconstruction of tomographic images using wavelets techniques},
  Author                   = {Lima Pereira, M. F. and Koenigkan, L. V. and Cruvinel, P. E.},
  Booktitle                = {Proc. XIV Brazilian Symp. Computer Graphics and Image Processing},
  Year                     = {2001}
}

@Article{macedo2002wood,
  Title                    = {Wood density determination by X-and gamma-ray tomography},
  Author                   = {Macedo, A and Vaz, CMP and Pereira, JCD and Naime, JM and Cruvinel, PE and Crestana, S},
  Journal                  = {Holzforschung},
  Year                     = {2002},
  Number                   = {5},
  Pages                    = {535--540},
  Volume                   = {56}
}

@MastersThesis{Malishevsky1998,
  Title                    = {Implementing a Run-time Library for a Parallel MATLAB Compiler},
  Author                   = {Alexey Malishevsky and Michael J. Quinn},
  School                   = {Oregon State University},
  Year                     = {1998},

  Address                  = {Corvallis, USA},

  Journal                  = {Unknown Journal}
}

@Article{Patrick1999,
  Title                    = {Real-Time Cardiac MRI Using DSPs},
  Author                   = {Patrick N. Morgan and Russell J. Iannuzzelli and Frederick H. Epstein and Robert S. Balaban},
  Journal                  = {IEEE TRANSACTIONS ON MEDICAL IMAGING},
  Year                     = {1999},

  Month                    = {July},
  Number                   = {7},
  Volume                   = {18}
}

@Article{Penha2002,
  Title                    = {Análise Comparativa do Uso de Multi-Thread e OpenMP Aplicados a Operações de Convolução de Imagem},
  Author                   = {Dulcinéia Oliveira da Penha and João Batista Torres Correa and Carlos Augusto Paiva S. Martins},
  Year                     = {2002},

  Address                  = {Belo Horizonte-MG},
  School                   = {PUC-MG}
}

@PhdThesis{Pereira2007,
  Title                    = {Um Modelo de Reconstrução Tomográfica 3D para Amostras Agrícolas com Filtragem de Wiener em Processamento Paralelo},
  Author                   = {Maurício Fernando Lima Pereira},
  School                   = {Universidade de São Paulo},
  Year                     = {2007}
}

@Conference{Pereira2001,
  Title                    = {Uso de Arquitetura DSP na reconstruïção de imagens tomgráficas de amostras de solo},
  Author                   = {Mauricio Fernando Lima Pereira and Paulo Estevão Cruvinel and José Hiroki Saito},
  Booktitle                = {Anais do II Workshop de Sistemas de Alto Desempenho},
  Year                     = {2001}
}

@Article{Pereira2008,
  Title                    = {Um exemplo de artigo},
  Author                   = {Mauricio Fernando Lima Pereira and Raul Teruel dos Santos},
  Journal                  = {IEEE Instrumentation and Measurement Magazine},
  Year                     = {2008},
  Number                   = {13},
  Pages                    = {145-154},
  Volume                   = {1}
}

@Article{Romeiro2009,
  Title                    = {Análise de metodologias numéricas para a busca da solução da equação de convecção-difusão-reação},
  Author                   = {Neyva Maria Lopes Romeiro and Rigoberto Gregório Sanabria Castro and Eliandro Rodrigues Cirilo},
  Year                     = {2009}
}

@Article{Matsumoto,
  Title                    = {Introdução a Programação Paralela e Distribuída},
  Author                   = {Liria Matsumoto Sato and Edson Toshimi e Senger},
  Year                     = {1996},

  Url                      = {www.lsi.usp.br./~liria/jai96.html}
}

@Book{Sebesta2003,
  Title                    = {Conceitos de Linguagem de Programação},
  Author                   = {Robert W. Sebesta},
  Editor                   = {Bookman},
  Year                     = {2003},

  Address                  = {Colorado, USA},
  Edition                  = {5º Edição},

  School                   = {University of Colorado, Colorado Springs}
}

@Book{Stallings2010,
  Title                    = {Arquitetura e Organização de Computadores},
  Author                   = {William Stallings},
  Editor                   = {Prentice Hall},
  Year                     = {2010},
  Edition                  = {8º}
}

@Article{Sta1981,
  Title                    = {Direct Fourier reconstruction in computer tomography},
  Author                   = {H. Stark and J. W. Woods and I. Paul and R. Hingorani},
  Journal                  = {IEEE Trans. Acoust. Speech Signal Processing},
  Year                     = {1981},
  Pages                    = {237-244},
  Volume                   = {ASSP-29},

  Institution              = {IEEE}
}

@InProceedings{Unser1997,
  Title                    = {Ten Good Reason for Using Spline Wavelets},
  Author                   = {Michael Unser},
  Booktitle                = {Proc. SPIE - Wavelets in Signal and Image Processing},
  Year                     = {1997},
  Pages                    = {422-431},
  Volume                   = {3169}
}
